@article{Macenski2021, 
doi = {10.21105/joss.02783}, 
url = {https://doi.org/10.21105/joss.02783}, 
year = {2021}, publisher = {The Open Journal}, volume = {6}, number = {61}, pages = {2783}, author = {Steve Macenski and Ivona Jambrecic}, title = {SLAM Toolbox: SLAM for the dynamic world}, journal = {Journal of Open Source Software}
}