@book{Wettl04,
  author    = {Ferenc Wettl and Gyula Mayer and Péter Szabó},
  publisher = {Panem Könyvkiadó},
  title     = {\LaTeX~kézikönyv},
  year      = {2004},
}

@article{Candy86,
  author       = {James C. Candy},
  journaltitle = {{IEEE} Trans.\ on Communications},
  month        = {01},
  note         = {\doi{10.1109/TCOM.1986.1096432}},
  number       = {1},
  pages        = {72--76},
  title        = {Decimation for Sigma Delta Modulation},
  volume       = {34},
  year         = {1986},
}

@inproceedings{Lee87,
  author    = {Wai L. Lee and Charles G. Sodini},
  booktitle = {Proc.\ of the IEEE International Symposium on Circuits and Systems},
  location  = {Philadelphia, PA, USA},
  month     = {05~4--7},
  pages     = {459--462},
  title     = {A Topology for Higher Order Interpolative Coders},
  vol       = {2},
  year      = {1987},
}

@thesis{KissPhD,
  author      = {Peter Kiss},
  institution = {Technical University of Timi\c{s}oara, Romania},
  month       = {04},
  title       = {Adaptive Digital Compensation of Analog Circuit Imperfections for Cascaded Delta-Sigma Analog-to-Digital Converters},
  type        = {phdthesis},
  year        = {2000},
}

@manual{Schreier00,
  author       = {Richard Schreier},
  month        = {01},
  note         = {\url{http://www.mathworks.com/matlabcentral/fileexchange/}},
  organization = {Oregon State University},
  title        = {The Delta-Sigma Toolbox v5.2},
  year         = {2000},
}

@misc{DipPortal,
  author       = {{Budapesti Műszaki és Gazdaságtudományi Egyetem Villamosmérnöki és Informatikai Kar}},
  howpublished = {\url{http://diplomaterv.vik.bme.hu/}},
  title        = {Diplomaterv portál (2011. február 26.)},
}

@incollection{Mkrtychev:1997,
  author    = {Mkrtychev, Alexey},
  booktitle = {Logical Foundations of Computer Science},
  doi       = {10.1007/3-540-63045-7_27},
  editor    = {Adian, Sergei and Nerode, Anil},
  isbn      = {978-3-540-63045-6},
  pages     = {266-275},
  publisher = {Springer Berlin Heidelberg},
  series    = {Lecture Notes in Computer Science},
  title     = {Models for the logic of proofs},
  url       = {http://dx.doi.org/10.1007/3-540-63045-7_27},
  volume    = {1234},
  year      = {1997},
}

@report{Jeney,
  author      = {Jeney, Gábor},
  institution = {Budapesti Műszaki és Gazdaságtudományi Egyetem, Híradástechnikai Tanszék},
  location    = {Budapest},
  note        = {\url{http://www.mcl.hu/~jeneyg/kinezet.pdf}},
  title       = {Hogyan néz ki egy igényes dokumentum? {N}éhány szóban az alapvető tipográfiai szabályokról},
  type        = {techreport},
  year        = {2014},
}

@article{MobRobots,
author = {Grover, Abhay and Ashraf, Muhammad Hasan},
year = {2023},
month = {07},
pages = {},
title = {Leveraging Autonomous Mobile Robots for Industry 4.0 Warehouses: A Multiple Case Study Analysis},
journal = {The International Journal of Logistics Management},
doi = {10.1108/IJLM-09-2022-0362}
}

@article{RGB-D,
author = {Tychola, Kyriaki and Tsimperidis, Ioannis and Papakostas, George},
year = {2022},
month = {08},
pages = {401-423},
title = {On 3D Reconstruction Using RGB-D Cameras},
volume = {2},
journal = {Digital},
doi = {10.3390/digital2030022}
}

@ARTICLE{Stereo,
  author={Islam, Atiqul and Asikuzzaman, Md. and Khyam, Mohammad Omar and Noor-A-Rahim, Md. and Pickering, Mark R.},
  journal={IEEE Access}, 
  title={Stereo Vision-Based 3D Positioning and Tracking}, 
  year={2020},
  volume={8},
  number={},
  pages={138771-138787},
  keywords={Cameras;Three-dimensional displays;Tracking;Stereo vision;Robustness;Optical imaging;Optical sensors;Motion capture;3D positioning;stereo vision;motion tracking;high precision},
  doi={10.1109/ACCESS.2020.3011360}}

@misc{roomba780,
    author = {{RobotShop inc.}},
    howpublished = {\url{https://community.robotshop.com/blog/show/irobot-roomba-780-now-available}},
    title = {iRobot Roomba 780 (2024.05.07)}
}

@misc{roombai7,
    author       = {{Quebec Inc. }},
    howpublished = {\url{https://www.rtings.com/vacuum/reviews/irobot/roomba-i7}},
    title        = {iRobot Roomba i7 (2024.05.07)}
}

@article{ROS2,
    author = {Steven Macenski and Tully Foote and Brian Gerkey and Chris Lalancette and William Woodall},
    title = {Robot Operating System 2: Design, architecture, and uses in the wild},
    journal = {Science Robotics},
    volume = {7},
    number = {66},
    pages = {eabm6074},
    year = {2022},
    doi = {10.1126/scirobotics.abm6074},
    URL = {https://www.science.org/doi/abs/10.1126/scirobotics.abm6074}
}

@book{LaserSafety,
author = {Henderson, Roy and Schulmeister, Karl},
year = {2003},
month = {12},
pages = {1-460},
title = {Laser Safety},
isbn = {9780429140136},
journal = {Laser Safety},
doi = {10.1201/9781420034042}
}

@misc{ActivePassiveStereo,
    author       = {{Luxonis Inc. }},
    howpublished = {\url{https://docs.luxonis.com/en/latest/pages/depth/#active-stereo-depth-perception}},
    title        = {Active vs Passive stereo (2024.05.08)}
}

@misc{Turtlebot4Pic,
    author = {{Clearpath Robotics}},
    howpublished = {\url{https://turtlebot.github.io/turtlebot4-user-manual/}},
    title = {Turtlebot4 (2024.05.08)}
}

@misc{3DGS,
      title={3D Gaussian Splatting for Real-Time Radiance Field Rendering}, 
      author={Bernhard Kerbl and Georgios Kopanas and Thomas Leimkühler and George Drettakis},
      year={2023},
      eprint={2308.04079},
      archivePrefix={arXiv},
      primaryClass={cs.GR}
}

@misc{nerf,
      title={NeRF: Representing Scenes as Neural Radiance Fields for View Synthesis}, 
      author={Ben Mildenhall and Pratul P. Srinivasan and Matthew Tancik and Jonathan T. Barron and Ravi Ramamoorthi and Ren Ng},
      year={2020},
      eprint={2003.08934},
      archivePrefix={arXiv},
      primaryClass={cs.CV}
}

@inproceedings{keyframes_in_animation,
author = {Izani, M. and Razak, Aishah and Rafi, Ahmad and Norzaiha},
year = {2003},
month = {09},
pages = {154 - 159},
title = {Keyframe animation and motion capture for creating animation: a survey and perception from industry people},
isbn = {0-7803-8173-4},
doi = {10.1109/SCORED.2003.1459684}
}

@inproceedings{colmap,
    author={Sch\"{o}nberger, Johannes Lutz and Frahm, Jan-Michael},
    title={{Structure-from-Motion Revisited}},
    booktitle={Conference on Computer Vision and Pattern Recognition (CVPR)},
    year={2016}
}

@inproceedings{nerfstudio,
	title        = {Nerfstudio: A Modular Framework for Neural Radiance Field Development},
	author       = {
		Tancik, Matthew and Weber, Ethan and Ng, Evonne and Li, Ruilong and Yi, Brent
		and Kerr, Justin and Wang, Terrance and Kristoffersen, Alexander and Austin,
		Jake and Salahi, Kamyar and Ahuja, Abhik and McAllister, David and Kanazawa,
		Angjoo
	},
	year         = 2023,
	booktitle    = {ACM SIGGRAPH 2023 Conference Proceedings},
	series       = {SIGGRAPH '23}
}

@misc{splatfacto,
      title={3D Gaussian Splatting for Real-Time Radiance Field Rendering}, 
      author={Bernhard Kerbl and Georgios Kopanas and Thomas Leimkühler and George Drettakis},
      year={2023},
      eprint={2308.04079},
      archivePrefix={arXiv},
      primaryClass={cs.GR}
}

@misc{RTAB_Map_docs,
    author = {{Mathieu Labbé}},
    howpublished = {\url{https://introlab.github.io/rtabmap/}},
    title = {RTAB-Map (2024.05.21)}
}

@misc{splatnav,
      title={Splat-Nav: Safe Real-Time Robot Navigation in Gaussian Splatting Maps}, 
      author={Timothy Chen and Ola Shorinwa and Joseph Bruno and Javier Yu and Weijia Zeng and Keiko Nagami and Philip Dames and Mac Schwager},
      year={2024},
      eprint={2403.02751},
      archivePrefix={arXiv},
      primaryClass={cs.RO}
}

@inproceedings{splatam,
        title={SplaTAM: Splat, Track \& Map 3D Gaussians for Dense RGB-D SLAM},
        author={Keetha, Nikhil and Karhade, Jay and Jatavallabhula, Krishna Murthy and Yang, Gengshan and Scherer, Sebastian and Ramanan, Deva and Luiten, Jonathon},
        booktitle={Proceedings of the IEEE/CVF Conference on Computer Vision and Pattern Recognition},
        year={2024}
      }

@misc{nerf_robotics_cites,
    title = {Awesome Implicit NeRF Robotics - A curated list of resources on implicit neural representations and nerf relating to robotics},
    author = {Muhammad Zubair Irshad},
    journal = {GitHub repository},
    url = {https://github.com/zubair-irshad/Awesome-Implicit-NeRF-Robotics},
    DOI= {10.5281/ZENODO.7552613},
    year = {2022},
}

@INPROCEEDINGS{blur_detection,
  author={Bansal, Raghav and Raj, Gaurav and Choudhury, Tanupriya},
  booktitle={2016 International Conference System Modeling & Advancement in Research Trends (SMART)}, 
  title={Blur image detection using Laplacian operator and Open-CV}, 
  year={2016},
  volume={},
  number={},
  pages={63-67},
  keywords={Laplace equations;Image edge detection;Degradation;Digital images;Computer vision;Estimation;Laplacian Operator;Python;Open-CV;Computer Vision},
  doi={10.1109/SYSMART.2016.7894491}}

@misc{nvblox_docs,
    author = {{NVIDIA}},
    howpublished = {\url{https://nvidia-isaac-ros.github.io/concepts/scene_reconstruction/nvblox/index.html}},
    title = {Nvblox (2024.11.01)}
}

@misc{isaac_sim_docs,
    author = {{NVIDIA}},
    howpublished = {\url{https://docs.omniverse.nvidia.com/isaacsim/latest/index.html}},
    title = {isaac\_sim (2024.11.01)}
}
